<?xml version="1.0" encoding="UTF-8"?><collection xmlns="http://www.loc.gov/MARC21/slim"><record><leader>00374nam--2200133-i-4500</leader><controlfield tag="001">000028184</controlfield><controlfield tag="002">20161230</controlfield><controlfield tag="005">20161230201037</controlfield><controlfield tag="008">060222s1000------------r-----000-0-eng-d</controlfield><datafield ind1=" " ind2=" " tag="080"><subfield code="a">547.26(043)</subfield></datafield><datafield ind1=" " ind2=" " tag="100"><subfield code="a">Lazare Catherine</subfield></datafield><datafield ind1=" " ind2=" " tag="245"><subfield code="a">Syntheses de produits naturels a l`aide de la reaction de wittig. these</subfield></datafield><datafield ind1=" " ind2=" " tag="260"><subfield code="a">Orsay, Univ. De Paris-sud, 1982. 110p</subfield></datafield><datafield ind1=" " ind2=" " tag="852"><subfield code="a">71163</subfield></datafield></record></collection>